@misc{vae,
author = {Kingma, Diederik P. and Welling, Max},
title = {Auto-Encoding Variational Bayes},
archivePrefix = "arXiv",
note = {arXiv:1312.6114v10},
year = {2006},
month = {may}
}

@misc{vlae,
author = {Chen, Xi and Kingma, Diederik and Salimans, Time and Duan, Yan and Dhariwal, Prafulla and Schulman, John and Sutskever, Ilya and Abbeel, Pieter},
title = {Variational Lossy Autoencoder},
archivePrefix = "arXiv",
note = {arXiv:1611.02731v2},
year = 2017,
month = {mar}
}

@misc{bowman,
author = {Bowman, Samuel R and Vilnis Luke and Vinyals Oriol and Dai, Andrew M and Jozefowicz, Rafal and Bengio, Samy},
title = {Generating sentences from a continues space},
archivePrefix = "arXiv",
note = {arXiv:1511.06349},
year = 20015,
}


@incollection{Bengio+chapter2007,
author = {Bengio, Yoshua and LeCun, Yann},
booktitle = {Large Scale Kernel Machines},
publisher = {MIT Press},
title = {Scaling Learning Algorithms Towards {AI}},
year = {2007}
}

@article{Hinton06,
author = {Hinton, Geoffrey E. and Osindero, Simon and Teh, Yee Whye},
journal = {Neural Computation},
pages = {1527--1554},
title = {A Fast Learning Algorithm for Deep Belief Nets},
volume = {18},
year = {2006}
}

@book{goodfellow2016deep,
title={Deep learning},
author={Goodfellow, Ian and Bengio, Yoshua and Courville, Aaron and Bengio, Yoshua},
volume={1},
year={2016},
publisher={MIT Press}
}